@article{dist,
   author   =  {{Tom Alphin}},
   title    =  "2019 Most Common LEGO Parts \url{https://brickarchitect.com/2019/2019-most-common-lego-parts/}",
   urldate  =  "2021-05-06",
}
@article{konkurencja,
   author   =  {{Jay Peters}},
   title    =  "Watch this machine made out of Lego sort other Lego using AI \url{https://www.theverge.com/2019/12/11/21011792/lego-ai-universal-sorting-machine}",
   urldate  =  "2021-05-06",
}
@article{konkurencja2,
   author   =  {{jtheiner}},
   title    =  "Lego Brick Recognition \url{https://github.com/jtheiner/LegoBrickClassification}",
   urldate  =  "2021-05-06",
}

@article{colors,
   author   =  {{-}},
   title    =  "Understanding the LEGO Color Palette \url{https://brickarchitect.com/color/}",
   urldate  =  "2021-05-14",
}

@article{numbers,
   author   =  {{-}},
   title    =  "Understanding LEGO part numbers \url{https://brickset.com/article/54327/understanding-lego-part-numbers}",
   urldate  =  "2021-05-19",
}


@article{manual1,
   author   =  {{Brick Scavenger}},
   title    =  "Tutorial: How to sort Lego efficiently\url{https://www.youtube.com/watch?v=dmisEA2PcGc}",
   urldate  =  "2021-05-14",
}

@article{sortandstore,
   author   =  {{}},
   title    =  "LEGO Sort and Store Storage Head \url{https://www.amazon.com/LEGO\%C2\%AE-Sort-Store-Storage-Head/dp/B005N7F43I}",
   urldate  =  "2021-05-15",
}


@article{sorter1,
   author   =  {{Steven Dufresne}},
   title    =  "SORTING LEGO IS LIKE MAKING A BOX OF CHOCOLATES \url{https://hackaday.com/2018/09/27/sorting-lego-is-like-making-a-box-of-chocolates/}",
   urldate  =  "2021-05-15",
}

@article{detection1,
author = {Kim, Chulyeon and Lee, Jiyoung and Han, Taekjin and Kim, Young-Min},
year = {2018},
month = {07},
pages = {},
title = {A hybrid framework combining background subtraction and deep neural networks for rapid person detection},
volume = {5},
journal = {Journal of Big Data},
doi = {10.1186/s40537-018-0131-x}
}

@book{detection2manual,
author = {Parker, James},
year = {1997},
month = {01},
pages = {},
title = {Algorithms for Image Processing and Computer Vision},
isbn = {978-0-471-14056-6}
}

@book{sewak2018practical,
  title={Practical Convolutional Neural Networks: Implement advanced deep learning models using Python},
  author={Sewak, M. and Karim, M.R. and Pujari, P.},
  isbn={9781788394147},
  url={https://books.google.pl/books?id=bOlODwAAQBAJ},
  year={2018},
  publisher={Packt Publishing}
}

@article{imgnetcontest,
   author   =  {{Constanin von Zitzewitz}},
   title    =  "ImageNet \url{https://devopedia.org/imagenet}",
   urldate  =  "2021-05-16",
}

@misc{chen2020simple,
      title={A Simple Framework for Contrastive Learning of Visual Representations}, 
      author={Ting Chen and Simon Kornblith and Mohammad Norouzi and Geoffrey Hinton},
      year={2020},
      eprint={2002.05709},
      archivePrefix={arXiv},
      primaryClass={cs.LG}
}

@article{slawek,
author = {Sławomir Zaraziński},
title = {Maszyna do sortowania klocków LEGO bazująca na systemach LEGO i RaspberryPi},
publisher={Politechnika Gdańska}
}

@book{norbom2017raspberry,
  title={Raspberry Pi Python Projects: Servos, SteppeDC Motors, Ultra Sonic Sensor, Infrared Detector, Thumb Joy Stick and More},
  author={Norbom, H.},
  isbn={9781543202670},
  url={https://books.google.pl/books?id=CkXMAQAACAAJ},
  year={2017},
  publisher={CreateSpace Independent Publishing Platform}
}
@book{galeone2019hands,
  title={Hands-On Neural Networks with TensorFlow 2.0: Understand TensorFlow, from static graph to eager execution, and design neural networks},
  author={Galeone, P.},
  isbn={9781789613797},
  url={https://books.google.pl/books?id=w5iwDwAAQBAJ},
  year={2019},
  publisher={Packt Publishing}
}
@article{czesci,
   author   =  {{v-slot.pl}},
   title    =  "Części wykorzystywane w drukarkach 3D \url{https://www.v-slot.pl/pl/c/Drukarki-3D-i-ramy-drukarek/117}",
   urldate  =  "2021-05-07",
}

@article{fastapi,
   author   =  {{Zubair Ahmed}},
   title    =  "High-performing Apps with Python – A FastAPI Tutorial \url{https://www.toptal.com/python/build-high-performing-apps-with-the-python-fastapi-framework}",
   urldate  =  "2021-05-07",
}

@article{grpc,
   author   =  {{Jeremy Hillpot}},
   title    =  "gRPC vs. REST: How Does gRPC Compare with Traditional REST APIs? \url{https://blog.dreamfactory.com/grpc-vs-rest-how-does-grpc-compare-with-traditional-rest-apis/}",
   urldate  =  "2021-05-07",
}

@article{openvino,
   author   =  {{Intel}},
   title    =  "OPENVINO - Introducing CPU Plugin \url{https://docs.openvinotoolkit.org/latest/openvino_docs_IE_DG_supported_plugins_CPU.html}",
   urldate  =  "2021-05-07",
}

@misc{tan2020efficientnet,
      title={EfficientNet: Rethinking Model Scaling for Convolutional Neural Networks}, 
      author={Mingxing Tan and Quoc V. Le},
      year={2020},
      eprint={1905.11946},
      archivePrefix={arXiv},
      primaryClass={cs.LG}
}

@misc{szegedy2015rethinking,
      title={Rethinking the Inception Architecture for Computer Vision}, 
      author={Christian Szegedy and Vincent Vanhoucke and Sergey Ioffe and Jonathon Shlens and Zbigniew Wojna},
      year={2015},
      eprint={1512.00567},
      archivePrefix={arXiv},
      primaryClass={cs.CV}
}

@misc{szegedy2016inceptionv4,
      title={Inception-v4, Inception-ResNet and the Impact of Residual Connections on Learning}, 
      author={Christian Szegedy and Sergey Ioffe and Vincent Vanhoucke and Alex Alemi},
      year={2016},
      eprint={1602.07261},
      archivePrefix={arXiv},
      primaryClass={cs.CV}
}

@misc{he2015deep,
      title={Deep Residual Learning for Image Recognition}, 
      author={Kaiming He and Xiangyu Zhang and Shaoqing Ren and Jian Sun},
      year={2015},
      eprint={1512.03385},
      archivePrefix={arXiv},
      primaryClass={cs.CV}
}

@article{vggvsresnet,
   author   =  {{Sumit Sarin}},
   title    =  "VGGNet vs ResNet \url{https://towardsdatascience.com/vggnet-vs-resnet-924e9573ca5c}",
   urldate  =  "2021-05-07",
}

@misc{simonyan2015deep,
      title={Very Deep Convolutional Networks for Large-Scale Image Recognition}, 
      author={Karen Simonyan and Andrew Zisserman},
      year={2015},
      eprint={1409.1556},
      archivePrefix={arXiv},
      primaryClass={cs.CV}
}

@book{loy2019neural,
  title={Neural Network Projects with Python: The ultimate guide to using Python to explore the true power of neural networks through six projects},
  author={Loy, J.},
  isbn={9781789133318},
  url={https://books.google.pl/books?id=6AuLDwAAQBAJ},
  year={2019},
  publisher={Packt Publishing}
}

@book{grayscale,
author = {Bui, Hieu and Lech, Margaret and Cheng, Eva and Neville, Katrina and Burnett, Ian},
year = {2016},
month = {07},
pages = {321-325},
title = {Using grayscale images for object recognition with convolutional-recursive neural network},
doi = {10.1109/CCE.2016.7562656}
}

@article{DBLP:journals/corr/abs-2002-05709,
  author    = {Ting Chen and
               Simon Kornblith and
               Mohammad Norouzi and
               Geoffrey E. Hinton},
  title     = {A Simple Framework for Contrastive Learning of Visual Representations},
  journal   = {CoRR},
  volume    = {abs/2002.05709},
  year      = {2020},
  url       = {https://arxiv.org/abs/2002.05709},
  archivePrefix = {arXiv},
  eprint    = {2002.05709},
  timestamp = {Fri, 14 Feb 2020 12:07:41 +0100},
  biburl    = {https://dblp.org/rec/journals/corr/abs-2002-05709.bib},
  bibsource = {dblp computer science bibliography, https://dblp.org}
}

@misc{wikibooks,
  author={{Wikibooks}},
  title={{LaTeX}},
  howpublished = {\url{http://pl.wikibooks.org/wiki/LaTeX}},
  year = {2012},
  note = {[Online; przeglądano 19-03-2012]}
}

@conference{boinski2010influence,
  title={{Influence and selection of basic concepts on ontology design}},
  author={Boiński, T. and Orłowski, P. and Szpryngier, P. and Krawczyk, H.},
  booktitle={Proceedings of KEOD2010 of the 2nd International Joint Conference on Knowledge Discovery, Knowledge Engineering and Knowledge Management},
  city={Valencia},
  country={Spain},
  pages={364--369},
  year={2010},
  organization={INSTICC},
  isbn={978-989-8425-29-4}
}


@conference{boinski2011security,
  title={{Security ontology construction and integration}},
  author={Boiński, T. and Orłowski, P. and Szymański, J. and Krawczyk, H.},
  booktitle={Proceedings of KEOD2011 of the 3nd International Joint Conference on Knowledge Discovery, Knowledge Engineering and Knowledge Management},
  city={Paris},
  country={France},
  pages={369--374},
  year={2011},
  organization={INSTICC},
  isbn={978-989-8425-80-5}
}

@article{boinski2010kaskbook,
  title={{Budowa ontologii usług dla potrzeb wyszukiwania}},
  author={Boiński, T.},
  journal={Praca zbiorowa Katedry Architektury Systemów Komputerowych KASKBOOK},
  pages={47--58},
  isbn={83-915367-7-7},
  year={2010},
  publisher={Katedra Architektury Systemów Komputerowych, Wydział ETI Politechnika Gdańskiej}
}

@article{boinski2012kaskbook,
  title={{Inżynieria ontologii dla potrzeb integracji systemów}},
  author={Boiński, T. and Or{\l}owski, P. and Szpryngier, P.},
  journal={Praca zbiorowa Katedry Architektury Systemów Komputerowych KASKBOOK (w publikacji)},
  year={2012},
  publisher={Katedra Architektury Systemów Komputerowych, Wydział ETI Politechnika Gdańskiej}
}


@article{boinski2007kaskbook,
  title={{Architektura portalu dziedzinowego}},
  author={Boiński, T.},
  journal={Praca zbiorowa Katedry Architektury Systemów Komputerowych KASKBOOK},
  pages={81--92},
  isbn={83-915367-5-0},
  year={2008},
  publisher={Katedra Architektury Systemów Komputerowych, Wydział ETI Politechnika Gdańskiej}
}

@article{boinski2009ocs,
  title={{OCS -- domain oriented ontology creation system}},
  author={Boiński, T. and Budnik, Ł. and Jakowski, A. and Mroziński, J. and Mazurkiewicz, K.},
  journal={Polish Journal of Environmental Studies},
  pages={35--38},
  year={2009},
  publisher={HARD, Olsztyn},
  volume={18},
  issn={1230-1485},
  number={3B}
}

@article{boinski2010zespolowa,
  title={{Zespo{\l}owa budowa ontologii z wykorzystaniem systemu OCS oraz edytora Prot{\'e}g{\'e}}},
  author={Boiński, T. and Jaworska, A. and Kleczkowski, R. and Kunowski, P. and Szama{\'n}ski, J.},
  journal={Zeszyty Naukowe Wydziału ETI Politechniki Gdańskiej},
  volume={19},
  pages={101--105},
  year={2010}
}
